% This file was created with JabRef 2.10b2.
% Encoding: UTF-8


@Article{breiman2001,
  Title                    = {Random forests},
  Author                   = {Breiman, Leo},
  Journal                  = {Machine learning},
  Year                     = {2001},
  Number                   = {1},
  Pages                    = {5--32},
  Volume                   = {45},

  Publisher                = {Springer}
}

@Article{breiman1996,
  Title                    = {Bagging predictors},
  Author                   = {Breiman, Leo},
  Journal                  = {Machine learning},
  Year                     = {1996},
  Number                   = {2},
  Pages                    = {123--140},
  Volume                   = {24},

  Publisher                = {Springer}
}

@Article{cortes1995,
  Title                    = {Support-vector networks},
  Author                   = {Cortes, Corinna and Vapnik, Vladimir},
  Journal                  = {Machine learning},
  Year                     = {1995},
  Number                   = {3},
  Pages                    = {273--297},
  Volume                   = {20},

  Publisher                = {Springer}
}

@Article{cover1967,
  Title                    = {Nearest neighbor pattern classification},
  Author                   = {Cover, Thomas and Hart, Peter},
  Journal                  = {IEEE transactions on information theory},
  Year                     = {1967},
  Number                   = {1},
  Pages                    = {21--27},
  Volume                   = {13},

  Publisher                = {IEEE}
}

@Article{fan2016,
  Title                    = {Feature Augmentation via Nonparametrics and Selection (FANS) in High-Dimensional Classification},
  Author                   = {Fan, Jianqing and Feng, Yang and Jiang, Jiancheng and Tong, Xin},
  Journal                  = {Journal of the American Statistical Association},
  Year                     = {2016},
  Number                   = {513},
  Pages                    = {275--287},
  Volume                   = {111},

  Publisher                = {Taylor \& Francis}
}

@Article{friedman2007,
  Title                    = {Pathwise coordinate optimization},
  Author                   = {Friedman, Jerome and Hastie, Trevor and H{\"o}fling, Holger and Tibshirani, Robert and others},
  Journal                  = {The Annals of Applied Statistics},
  Year                     = {2007},
  Number                   = {2},
  Pages                    = {302--332},
  Volume                   = {1},

  Publisher                = {Institute of Mathematical Statistics}
}

@Article{friedman2010,
  Title                    = {Regularization paths for generalized linear models via coordinate descent},
  Author                   = {Friedman, Jerome and Hastie, Trevor and Tibshirani, Rob},
  Journal                  = {Journal of statistical software},
  Year                     = {2010},
  Number                   = {1},
  Pages                    = {1},
  Volume                   = {33},

  Publisher                = {NIH Public Access}
}

@Article{ghosh2005,
  Title                    = {On data depth and distribution-free discriminant analysis using separating surfaces},
  Author                   = {Ghosh, Anil K and Chaudhuri, Probal},
  Journal                  = {Bernoulli},
  Year                     = {2005},
  Pages                    = {1--27},

  Publisher                = {JSTOR}
}

@Article{hall2012,
  Title                    = {Median-based classifiers for high-dimensional data},
  Author                   = {Hall, Peter and Titterington, DM and Xue, Jing-Hao},
  Journal                  = {Journal of the American Statistical Association},
  Year                     = {2012},
  Pages                    = {1597--1608},

  Publisher                = {Taylor \& Francis}
}

@Book{hastie2009,
  Title                    = {The Elements of Statistical Learning},
  Author                   = {Hastie, Trevor and Friedman, Jerome and Tibshirani, Robert},
  Publisher                = {Springer New York},
  Year                     = {2009},
  Volume                   = {1}
}

@Article{hastie1996,
  Title                    = {Discriminant analysis by Gaussian mixtures},
  Author                   = {Hastie, Trevor and Tibshirani, Robert},
  Journal                  = {Journal of the Royal Statistical Society. Series B (Methodological)},
  Year                     = {1996},
  Pages                    = {155--176},

  Publisher                = {JSTOR}
}

@Article{hennig2016,
  Title                    = {Quantile-based classifiers},
  Author                   = {Hennig, Christian and Viroli, Cinzia},
  Journal                  = {Biometrika},
  Year                     = {2016},
  Number                   = {2},
  Pages                    = {435--446},
  Volume                   = {103},

  Publisher                = {Biometrika Trust}
}

@Article{jornsten2004,
  Title                    = {Clustering and classification based on the {$\ell_1$} data depth},
  Author                   = {J{\"o}rnsten, Rebecka},
  Journal                  = {Journal of Multivariate Analysis},
  Year                     = {2004},
  Number                   = {1},
  Pages                    = {67--89},
  Volume                   = {90},

  Publisher                = {Elsevier}
}

@Article{koenker1978,
  Title                    = {Regression quantiles},
  Author                   = {Koenker, Roger and Bassett Jr, Gilbert},
  Journal                  = {Econometrica: journal of the Econometric Society},
  Year                     = {1978},
  Pages                    = {33--50},

  Publisher                = {JSTOR}
}

@Article{mika1999,
  Title                    = {Fisher discriminant analysis with kernels},
  Author                   = {Mika, Sebastian and R{\"a}tsch, Gunnar and Weston, Jason and Sch{\"o}lkopft, Bernhard and M{\"u}ller, Klaus-Robert},
  Journal                  = {Neural networks for signal processing IX},
  Year                     = {1999},
  Number                   = {1},
  Pages                    = {1},
  Volume                   = {1}
}

@Article{park2007,
  Title                    = {{$\ell_1$}-regularization path algorithm for generalized linear models},
  Author                   = {Park, Mee Young and Hastie, Trevor},
  Journal                  = {Journal of the Royal Statistical Society: Series B (Statistical Methodology)},
  Year                     = {2007},
  Number                   = {4},
  Pages                    = {659--677},
  Volume                   = {69},

  Publisher                = {Wiley Online Library}
}

@Article{ripley1994,
  Title                    = {Neural networks and related methods for classification},
  Author                   = {Ripley, Brian D},
  Journal                  = {Journal of the Royal Statistical Society. Series B (Methodological)},
  Year                     = {1994},
  Pages                    = {409--456},

  Publisher                = {JSTOR}
}

@Article{tibshirani2002,
  Title                    = {Diagnosis of multiple cancer types by shrunken centroids of gene expression},
  Author                   = {Tibshirani, Robert and Hastie, Trevor and Narasimhan, Balasubramanian and Chu, Gilbert},
  Journal                  = {Proceedings of the National Academy of Sciences},
  Year                     = {2002},
  Number                   = {10},
  Pages                    = {6567--6572},
  Volume                   = {99},

  Publisher                = {National Academy of Sciences}
}

@Article{wang2007,
  Title                    = {Improved centroids estimation for the nearest shrunken centroid classifier},
  Author                   = {Wang, Sijian and Zhu, Ji},
  Journal                  = {Bioinformatics},
  Year                     = {2007},
  Number                   = {8},
  Pages                    = {972--979},
  Volume                   = {23},

  Publisher                = {Oxford Univ Press}
}

