% This file was created with JabRef 2.10b2.
% Encoding: UTF-8


@Book{breiman1984,
  Title                    = {Classification and regression trees},
  Author                   = {Breiman, Leo and Friedman, Jerome and Stone, Charles J and Olshen, Richard A},
  Publisher                = {CRC press},
  Year                     = {1984},

  Owner                    = {dpritch},
  Timestamp                = {2017.04.06}
}

@Article{cortes1995,
  Title                    = {Support-vector networks},
  Author                   = {Cortes, Corinna and Vapnik, Vladimir},
  Journal                  = {Machine learning},
  Year                     = {1995},
  Number                   = {3},
  Pages                    = {273--297},
  Volume                   = {20},

  Owner                    = {dpritch},
  Publisher                = {Springer},
  Timestamp                = {2017.04.06}
}

@Article{cover1967,
  Title                    = {Nearest neighbor pattern classification},
  Author                   = {Cover, Thomas and Hart, Peter},
  Journal                  = {IEEE transactions on information theory},
  Year                     = {1967},
  Number                   = {1},
  Pages                    = {21--27},
  Volume                   = {13},

  Owner                    = {dpritch},
  Publisher                = {IEEE},
  Timestamp                = {2017.04.06}
}

@Article{fan2016,
  Title                    = {Feature Augmentation via Nonparametrics and Selection (FANS) in High-Dimensional Classification},
  Author                   = {Fan, Jianqing and Feng, Yang and Jiang, Jiancheng and Tong, Xin},
  Journal                  = {Journal of the American Statistical Association},
  Year                     = {2016},
  Number                   = {513},
  Pages                    = {275--287},
  Volume                   = {111},

  Owner                    = {dpritch},
  Publisher                = {Taylor \& Francis},
  Timestamp                = {2017.04.06}
}

@Book{hastie2009,
  Title                    = {The Elements of Statistical Learning},
  Author                   = {Hastie, Trevor and Friedman, Jerome and Tibshirani, Robert},
  Publisher                = {Springer New York},
  Year                     = {2009},
  Volume                   = {1},

  Owner                    = {dpritch},
  Timestamp                = {2017.04.06}
}

@Article{hennig2016,
  Title                    = {Quantile-based classifiers},
  Author                   = {Hennig, Christian and Viroli, Cinzia},
  Journal                  = {Biometrika},
  Year                     = {2016},
  Number                   = {2},
  Pages                    = {435--446},
  Volume                   = {103},

  Owner                    = {dpritch},
  Publisher                = {Biometrika Trust},
  Timestamp                = {2017.04.06}
}

@Manual{matlab,
  Title                    = {version 9.0.0 (R2016a)},

  Address                  = {Natick, Massachusetts},
  Author                   = {MATLAB},
  Year                     = {2016},

  Owner                    = {dpritch},
  Publisher                = {The MathWorks Inc.},
  Timestamp                = {2017.04.06}
}

@Article{park2007,
  Title                    = {{$\ell_1$}-regularization path algorithm for generalized linear models},
  Author                   = {Park, Mee Young and Hastie, Trevor},
  Journal                  = {Journal of the Royal Statistical Society: Series B (Statistical Methodology)},
  Year                     = {2007},
  Number                   = {4},
  Pages                    = {659--677},
  Volume                   = {69},

  Owner                    = {dpritch},
  Publisher                = {Wiley Online Library},
  Timestamp                = {2017.04.06}
}

@Manual{rlang,
  Title                    = {R: A Language and Environment for Statistical Computing},

  Address                  = {Vienna, Austria},
  Author                   = {{R Core Team}},
  Organization             = {R Foundation for Statistical Computing},
  Year                     = {2016},

  Owner                    = {dpritch},
  Timestamp                = {2017.04.06},
  Url                      = {https://www.R-project.org/}
}

@Article{tibshirani2002,
  Title                    = {Diagnosis of multiple cancer types by shrunken centroids of gene expression},
  Author                   = {Tibshirani, Robert and Hastie, Trevor and Narasimhan, Balasubramanian and Chu, Gilbert},
  Journal                  = {Proceedings of the National Academy of Sciences},
  Year                     = {2002},
  Number                   = {10},
  Pages                    = {6567--6572},
  Volume                   = {99},

  Owner                    = {dpritch},
  Publisher                = {National Academy of Sciences},
  Timestamp                = {2017.04.06}
}

@Article{witten2011,
  Title                    = {Penalized classification using Fisher's linear discriminant},
  Author                   = {Witten, Daniela M and Tibshirani, Robert},
  Journal                  = {Journal of the Royal Statistical Society: Series B (Statistical Methodology)},
  Year                     = {2011},
  Number                   = {5},
  Pages                    = {753--772},
  Volume                   = {73},

  Owner                    = {dpritch},
  Publisher                = {Wiley Online Library},
  Timestamp                = {2017.04.06}
}

